@book{karau2015spark,
  title     = {Изучаем Spark: молниеносный анализ данных},
  author    = {Карау, Х. and Конвински, Э. and Венделл, П. and Захария, М.М.},
  publisher = {ДМК Пресс},
  year      = {2015},
  pages     = {304},
  note      = {ил.}
}

@online{koirala2020pyspark,
  title     = {Exploratory Data Analysis with pySpark},
  year      = {2020},
  url       = {https://github.com/roshankoirala/pySpark_tutorial/blob/master/Exploratory_data_analysis_with_pySpark.ipynb},
  note      = {Дата обращения: 19.09.2022}
}

@online{spark2022official,
  title     = {Официальный сайт Apache Spark},
  year      = {2022},
  url       = {https://spark.apache.org/},
  note      = {Дата обращения: 19.09.2022}
}

@book{white2013hadoop,
  title     = {Hadoop: Подробное руководство},
  author    = {Уайт, Т.},
  edition   = {3-е изд.},
  publisher = {Питер},
  address   = {СПб.},
  year      = {2013},
  pages     = {672},
  note      = {ил.}
}

@inproceedings{zaharia2021lakehouse,
  title     = {Lakehouse: A New Generation of Open Platforms that Unify Data Warehousing and Advanced Analytics},
  author    = {Захария, М.А. and others},
  booktitle = {Conference on Innovative Data Systems Research},
  year      = {2021},
  url       = {https://www.cidrdb.org/cidr2021/papers/cidr2021_paper17.pdf},
  note      = {Дата обращения: 12.09.2024}
}

@Article{Tekdogan2022,
  author       = {Tekdogan, Taha and Cakmak, Ali},
  date         = {2022-09-21},
  journaltitle = {ICCBDC 2021. Association for Computing Machinery, New York, NY, USA, pages 15-20 (2021)},
  title        = {Benchmarking Apache Spark and Hadoop MapReduce on Big Data Classification},
  doi          = {10.1145/3481646.3481649},
  eprint       = {2209.10637},
  eprintclass  = {cs.DC},
  eprinttype   = {arXiv},
  pages        = {15--20},
  series       = {ICCBDC 2021},
  booktitle    = {2021 5th International Conference on Cloud and Big Data Computing (ICCBDC)},
  collection   = {ICCBDC 2021},
  month        = aug,
  publisher    = {ACM},
  year         = {2022},
}

@Comment{jabref-meta: databaseType:biblatex;}
